@article{handout,
  title={Deflection of a Projectile due to the Earthâ€™s Rotation},
  author={Department of Applied Mathematics and Theoretical Physics},
  url={https://www.damtp.cam.ac.uk/user/reh10/lectures/ia-dyn-handout14.pdf},
  publisher={https://www.damtp.cam.ac.uk/user/reh10/lectures/ia-dyn-handout14.pdf},
}
