@article{handout,
  title={Deflection of a Projectile due to the Earthâ€™s Rotation},
  author={Department of Applied Mathematics and Theoretical Physics},
  url={https://www.damtp.cam.ac.uk/user/reh10/lectures/ia-dyn-handout14.pdf},
  publisher={https://www.damtp.cam.ac.uk/user/reh10/lectures/ia-dyn-handout14.pdf},
}
@inproceedings{Stam2010EvaluationOL,
  title={Evaluation of Loop Subdivision Surfaces},
  author={Jos Stam},
  year={2010},
  url={https://api.semanticscholar.org/CorpusID:8420692}
}
@misc{EssenceLinearAlgebra,
  title = {Essence of Linear Algebra},
  journal = {YouTube},
  urldate = {2024-08-09},
  abstract = {A free course offering the core concept of linear algebra with a visuals-first approach.},
  howpublished = {http://www.youtube.com/playlist?list=PLZHQObOWTQDPD3MizzM2xVFitgF8hE\_ab},
  langid = {british},
}

@misc{brief,
  title = {BPhO Computational Challenge, 2024 Projectiles},
  year ={2024},
  url={https://www.bpho.org.uk/bpho/computational-challenge/BPhO_CompPhys2024_Projectilesa.pdf},
  author={British Physics Olympiad},
}
